
  
@INPROCEEDINGS{1541196,  author={C. {Cachin} and S. {Tessaro}},  booktitle={24th IEEE Symposium on Reliable Distributed Systems (SRDS'05)},   title={Asynchronous verifiable information dispersal},   year={2005},  volume={},  number={},  pages={191-201},}




@inproceedings{androulaki2018hyperledger,
  title={Hyperledger fabric: a distributed operating system for permissioned blockchains},
  author={Androulaki, Elli and Barger, Artem and Bortnikov, Vita and Cachin, Christian and Christidis, Konstantinos and De Caro, Angelo and Enyeart, David and Ferris, Christopher and Laventman, Gennady and Manevich, Yacov and others},
  booktitle={Proceedings of the thirteenth EuroSys conference},
  pages={1--15},
  year={2018}
}



@misc{nakamoto2008bitcoin,
  title={Bitcoin: A Peer-to-Peer Electronic Cash System},
  author={Nakamoto, Satoshi},
  year={2008},
  url={https://bitcoin.org/bitcoin.pdf}, 
note = {Available at \url{https://bitcoin.org/bitcoin.pdf} (accessed \today)},
}

@inproceedings{zikratov2017ensuring,
  title={Ensuring data integrity using blockchain technology},
  author={Zikratov, Igor and Kuzmin, Alexander and Akimenko, Vladislav and Niculichev, Viktor and Yalansky, Lucas},
  booktitle={2017 20th Conference of Open Innovations Association (FRUCT)},
  pages={534--539},
  year={2017},
  organization={IEEE}
}

@misc{ibm_developer, 
title={Blockchain Basics: Introduction to Distributed Ledgers}, url={https://developer.ibm.com/technologies/blockchain/tutorials/cl-blockchain-basics-intro-bluemix-trs}, 
note = {Available at \url{https://developer.ibm.com/technologies/blockchain/tutorials/cl-blockchain-basics-intro-bluemix-trs} (accessed \today)},
journal={IBM Developer}
}

@misc{intro_hyperledger, 
title={An Introduction to Hyperledger.}, url={https://www.hyperledger.org/wp-content/uploads/2018/08/HL_Whitepaper_IntroductiontoHyperledger.pdf}, 
note = {Available at \url{https://www.hyperledger.org/wp-content/uploads/2018/08/HL_Whitepaper_IntroductiontoHyperledger.pdf} (accessed \today)},

}



@ARTICLE{massias1999design,
 	AUTHOR={Massias, Henri and Serret, Xavier and Quisquater, Jean-Jacques},
	TITLE={{Design of a secure timestamping service with minimal trust requirement}},
	BOOKTITLE={Information Theory in the Benelux},
	EDITOR={In A. Barbé, E.C. van der Meulen and P. Vanroose},
	JOURNAL={Proceedings of the 20th symposium on Information Theory in the Benelux},
	PAGES={79-86},
	MONTH={5},
	YEAR={1999},
}


@inproceedings{haber1997secure,
  title={Secure names for bit-strings},
  author={Haber, Stuart and Stornetta, W Scott},
  booktitle={Proceedings of the 4th ACM Conference on Computer and Communications Security},
  pages={28--35},
  year={1997}
}

@inproceedings{merkle1980protocols,
  title={Protocols for public key cryptosystems},
  author={Merkle, Ralph C},
  booktitle={1980 IEEE Symposium on Security and Privacy},
  pages={122--122},
  year={1980},
  organization={IEEE}
}

@article{cachin2017blockchain,
  title={Blockchain consensus protocols in the wild},
  author={Cachin, Christian and Vukoli{\'c}, Marko},
  journal={arXiv preprint arXiv:1707.01873},
  year={2017}
}

@inproceedings{castro1999practical,
  title={Practical Byzantine fault tolerance},
  author={Castro, Miguel and Liskov, Barbara and others},
  booktitle={OSDI},
  volume={99},
  number={1999},
  pages={173--186},
  year={1999}
}

@inproceedings{10.5555/2643634.2643666,
author = {Ongaro, Diego and Ousterhout, John},
title = {In Search of an Understandable Consensus Algorithm},
year = {2014},
isbn = {9781931971102},
publisher = {USENIX Association},
address = {USA},
booktitle = {Proceedings of the 2014 USENIX Conference on USENIX Annual Technical Conference},
pages = {305–320},
numpages = {16},
location = {Philadelphia, PA},
series = {USENIX ATC’14}
}
  
@incollection{lamport2019byzantine,
  title={The Byzantine generals problem},
  author={Lamport, Leslie and Shostak, Robert and Pease, Marshall},
  booktitle={Concurrency: the Works of Leslie Lamport},
  pages={203--226},
  year={2019}
}
@article{chand2020s,
  title={What's Live? Understanding Distributed Consensus},
  author={Chand, Saksham and Liu, Yanhong A},
  journal={arXiv preprint arXiv:2001.04787},
  year={2020}
}


@inproceedings{miller2016honey,
  title={The honey badger of BFT protocols},
  author={Miller, Andrew and Xia, Yu and Croman, Kyle and Shi, Elaine and Song, Dawn},
  booktitle={Proceedings of the 2016 ACM SIGSAC Conference on Computer and Communications Security},
  url={https://eprint.iacr.org/2016/199.pdf},
  pages={31--42},
  year={2016}
}


“Blockchain Basics: Introduction to Distributed Ledgers.” IBM Developer. Accessed June 13, 2020. https://developer.ibm.com/technologies/blockchain/tutorials/cl-blockchain-basics-intro-bluemix-trs.

“Hyperledger Fabric.” Hyperledger, April 23, 2020. https://www.hyperledger.org/use/fabric.

@misc{use_fabric, 
title={Hyperledger Fabric.}, url={https://www.hyperledger.org/use/fabric}, 
note = {Available at \url{https://www.hyperledger.org/use/fabric} (accessed \today)},
}

@inproceedings{androulaki2018hyperledger,
  title={Hyperledger fabric: a distributed operating system for permissioned blockchains},
  author={Androulaki, Elli and Barger, Artem and Bortnikov, Vita and Cachin, Christian and Christidis, Konstantinos and De Caro, Angelo and Enyeart, David and Ferris, Christopher and Laventman, Gennady and Manevich, Yacov and others},
  booktitle={Proceedings of the Thirteenth EuroSys Conference},
  url={http://vukolic.com/fabric.pdf},
  pages={1--15},
  year={2018}
}

@article{bracha1987asynchronous,
  title={Asynchronous Byzantine agreement protocols},
  author={Bracha, Gabriel},
  journal={Information and Computation},
  volume={75},
  number={2},
  pages={130--143},
  year={1987},
  publisher={Elsevier}
}

@inproceedings{cachin2005asynchronous,
  title={Asynchronous verifiable information dispersal},
  author={Cachin, Christian and Tessaro, Stefano},
  booktitle={24th IEEE Symposium on Reliable Distributed Systems (SRDS'05)},
  pages={191--201},
  year={2005},
  organization={IEEE}
}


@inproceedings{10.1145/2611462.2611468,
author = {Mostefaoui, Achour and Moumen, Hamouma and Raynal, Michel},
title = {Signature-Free Asynchronous Byzantine Consensus with t < n/3 and o(N2) Messages},
year = {2014},
isbn = {9781450329446},
publisher = {Association for Computing Machinery},
address = {New York, NY, USA},
url = {https://doi.org/10.1145/2611462.2611468},
doi = {10.1145/2611462.2611468},
booktitle = {Proceedings of the 2014 ACM Symposium on Principles of Distributed Computing},
pages = {2–9},
numpages = {8},
keywords = {abstraction, distributed algorithm, consensus, common coin, byzantine process, broadcast abstraction, simplicity, signature-free algorithm, randomized algorithm, optimal resilience, asynchronous message-passing system},
location = {Paris, France},
series = {PODC ’14}
}
  
@inproceedings{ben1994asynchronous,
  title={Asynchronous secure computations with optimal resilience},
  author={Ben-Or, Michael and Kelmer, Boaz and Rabin, Tal},
  booktitle={Proceedings of the thirteenth annual ACM symposium on Principles of distributed computing},
  pages={183--192},
  year={1994}
}

@misc{POANetwork,
    author    = "POA Network",
    title     = "POA Network: Building Honey Badger BFT",
    url       = {https://medium.com/poa-network/poa-network-how-honey-badger-bft-consensus-works-4b16c0f1ff94},
    note = {Available at \url{https://medium.com/poa-network/poa-network-how-honey-badger-bft-consensus-works-4b16c0f1ff94} (accessed \today)}
}
 @misc{solidity,
    author    = "",
    title     = "Introduction to Smart Contracts",
    url       = {https://solidity.readthedocs.io/en/v0.5.11/introduction-to-smart-contracts.html},
    note = {Available at \url{https://solidity.readthedocs.io/en/v0.5.11/introduction-to-smart-contracts.html} (accessed \today)},
}

@misc{Erasure_code,
    author    = " ",
    title     = "Erasure Code",
    url       = {https://en.wikipedia.org/wiki/Erasure_code},
      note = {Available at \url{https://en.wikipedia.org/wiki/Erasure_code} (accessed \today)},
}

@misc{Merkle_tree,
    author    = "",
    title     = "Merkle tree",
    url       = {https://en.wikipedia.org/wiki/Merkle_tree},
    note = {Available at \url{https://en.wikipedia.org/wiki/Merkle_tree} (accessed \today)},
}

@misc{grpc,
    author    = "",
    title     = "gRPC",
    url       = {https://grpc.io/},
    note = {Available at \url{https://grpc.io/} (accessed \today)},
}

@misc{elastico,
    author    = "Ayushi Agarwal",
    title     = "Elastico as an ordering service in HyperledgerFabric",
    url       = {https://security.cse.iitk.ac.in/sites/default/files/17111010.pdf},
    note = {Available at \url{https://security.cse.iitk.ac.in/sites/default/files/17111010.pdf} (accessed \today)},
}

@inproceedings{duan2018beat,
  title={Beat: Asynchronous bft made practical},
  author={Duan, Sisi and Reiter, Michael K and Zhang, Haibin},
  booktitle={Proceedings of the 2018 ACM SIGSAC Conference on Computer and Communications Security},
  pages={2028--2041},
  year={2018}
}




@misc{fabric_network,
    author    = "",
    title     = "Hyperledger Fabric Network",
    url       = {https://hyperledger-fabric.readthedocs.io/en/release-1.2/network/network.html},
    note = {Available at \url{https://hyperledger-fabric.readthedocs.io/en/release-1.2/network/network.html}  (accessed \today)},
}


@misc{fabric_glossary,
    author    = "",
    title     = "Hyperledger Fabric Glossary",
    url       = {https://hyperledger-fabric.readthedocs.io/en/release-2.0/glossary.html},
    note = {Available at \url{https://hyperledger-fabric.readthedocs.io/en/release-2.0/glossary.html} (accessed \today)},
}



@misc{fabric_network_image,
    author    = "",
    title     = "Hyperledger Fabric Network Image",
    url       = {https://hyperledger-fabric.readthedocs.io/en/release-2.0/_images/peers.diagram.10.png},
    note = {Available at \url{https://hyperledger-fabric.readthedocs.io/en/release-2.0/_images/peers.diagram.10.png} (accessed \today)},
}



@misc{medium_byfn,
    author    = "KC Tam",
    title     = "Understanding First Network Example in Hyperledger Fabric",
    url       = {https://medium.com/@kctheservant/understanding-first-network-example-in-hyperledger-fabric-part-1-c03391af798},
    note = {Available at \url{https://medium.com/@kctheservant/understanding-first-network-example-in-hyperledger-fabric-part-1-c03391af798} (accessed \today)},
}


@misc{byfn,
    author    = "",
    title     = "Building Your First Network",
    url       = {https://hyperledger-fabric.readthedocs.io/en/release-2.0/build_network.html},
    note = {Available at \url{https://hyperledger-fabric.readthedocs.io/en/release-2.0/build_network.html} (accessed \today)},
}


@misc{caliper_doc,
    author    = "Hyperledger",
    title     = "Hyperledger Caliper",
    url       = {https://hyperledger.github.io/caliper/},
    note = {Available at \url{https://hyperledger.github.io/caliper/} (accessed \today)},
}


@misc{caliper_white_paper,
    author    = "Hyperledger",
    title     = "Hyperledger Blockchain Performance Metrics",
    url       = {https://www.hyperledger.org/wp-content/uploads/2018/10/HL_Whitepaper_Metrics_PDF_V1.01.pdf},
    note = {Available at \url{https://www.hyperledger.org/wp-content/uploads/2018/10/HL_Whitepaper_Metrics_PDF_V1.01.pdf} (accessed \today)},
}


@inproceedings{kursawe2005optimistic,
  title={Optimistic asynchronous atomic broadcast},
  author={Kursawe, Klaus and Shoup, Victor},
  booktitle={International Colloquium on Automata, Languages, and Programming},
  pages={204--215},
  year={2005},
  organization={Springer}
}



@inproceedings{ramasamy2005parsimonious,
author = {Ramasamy, HariGovind V. and Cachin, Christian},
title = {Parsimonious Asynchronous Byzantine-Fault-Tolerant Atomic Broadcast},
year = {2005},
isbn = {3540363211},
publisher = {Springer-Verlag},
address = {Berlin, Heidelberg},
url = {https://doi.org/10.1007/11795490_9},
doi = {10.1007/11795490_9},
booktitle = {Proceedings of the 9th International Conference on Principles of Distributed Systems},
pages = {88–102},
numpages = {15},
location = {Pisa, Italy},
series = {OPODIS’05}
}
  


% https://hyperledger.github.io/caliper/ 

@inproceedings{cachin2002secure,
  title={Secure intrusion-tolerant replication on the Internet},
  author={Cachin, Christian and Poritz, Jonathan A},
  booktitle={Proceedings International Conference on Dependable Systems and Networks},
  pages={167--176},
  year={2002},
  organization={IEEE}
}



@misc{morning_paper_beat,
    author    = "Adriancolyer",
    title     = "BEAT: asynchronous BFT made practicals",
    url       = {https://blog.acolyer.org/2018/11/26/beat-asynchronous-bft-made-practical/},
    note = {Available at \url{https://blog.acolyer.org/2018/11/26/beat-asynchronous-bft-made-practical/} (accessed \today)},
}

